@inproceedings{cnn_pgm_for_hpe,
	title={Joint training of a convolutional network and a graphical model for human pose estimation},
	author={Tompson, Jonathan J and Jain, Arjun and LeCun, Yann and Bregler, Christoph},
	booktitle={Advances in neural information processing systems},
	pages={1799--1807},
	year={2014}
}

@article{prev_iclr_paper,
	title={Learning human pose estimation features with convolutional networks},
	author={Jain, Arjun and Tompson, Jonathan and Andriluka, Mykhaylo and Taylor, Graham W and Bregler, Christoph},
	journal={arXiv preprint arXiv:1312.7302},
	year={2013}
}

@inproceedings{modec,
	title={Modec: Multimodal decomposable models for human pose estimation},
	author={Sapp, Ben and Taskar, Ben},
	booktitle={Computer Vision and Pattern Recognition (CVPR), 2013 IEEE Conference on},
	pages={3674--3681},
	year={2013},
	organization={IEEE}
}

@article{adam,
	title={Adam: A method for stochastic optimization},
	author={Kingma, Diederik P and Ba, Jimmy},
	journal={arXiv preprint arXiv:1412.6980},
	year={2014}
}

@inproceedings{deepcut,
	title={Deepcut: Joint subset partition and labeling for multi person pose estimation},
	author={Pishchulin, Leonid and Insafutdinov, Eldar and Tang, Siyu and Andres, Bjoern and Andriluka, Mykhaylo and Gehler, Peter V and Schiele, Bernt},
	booktitle={Proceedings of the IEEE Conference on Computer Vision and Pattern Recognition},
	pages={4929--4937},
	year={2016}
}

@inproceedings{deepercut,
	title={Deepercut: A deeper, stronger, and faster multi-person pose estimation model},
	author={Insafutdinov, Eldar and Pishchulin, Leonid and Andres, Bjoern and Andriluka, Mykhaylo and Schiele, Bernt},
	booktitle={European Conference on Computer Vision},
	pages={34--50},
	year={2016},
	organization={Springer}
}

@inproceedings{conv_pose_machines,
	title={Convolutional pose machines},
	author={Wei, Shih-En and Ramakrishna, Varun and Kanade, Takeo and Sheikh, Yaser},
	booktitle={Proceedings of the IEEE Conference on Computer Vision and Pattern Recognition},
	pages={4724--4732},
	year={2016}
}

@article{vgg,
	title={Very deep convolutional networks for large-scale image recognition},
	author={Simonyan, Karen and Zisserman, Andrew},
	journal={arXiv preprint arXiv:1409.1556},
	year={2014}
}

@inproceedings{resnets,
	title={Deep residual learning for image recognition},
	author={He, Kaiming and Zhang, Xiangyu and Ren, Shaoqing and Sun, Jian},
	booktitle={Proceedings of the IEEE conference on computer vision and pattern recognition},
	pages={770--778},
	year={2016}
}

@inproceedings{andriluka2009pictorial,
	title={Pictorial structures revisited: People detection and articulated pose estimation},
	author={Andriluka, Mykhaylo and Roth, Stefan and Schiele, Bernt},
	booktitle={Computer Vision and Pattern Recognition, 2009. CVPR 2009. IEEE Conference on},
	pages={1014--1021},
	year={2009},
	organization={IEEE}
}

@inproceedings{pishchulin2013strong,
	title={Strong appearance and expressive spatial models for human pose estimation},
	author={Pishchulin, Leonid and Andriluka, Mykhaylo and Gehler, Peter and Schiele, Bernt},
	booktitle={Computer Vision (ICCV), 2013 IEEE International Conference on},
	pages={3487--3494},
	year={2013},
	organization={IEEE}
}

@inproceedings{pishchulin2013poselet,
	title={Poselet conditioned pictorial structures},
	author={Pishchulin, Leonid and Andriluka, Mykhaylo and Gehler, Peter and Schiele, Bernt},
	booktitle={Computer Vision and Pattern Recognition (CVPR), 2013 IEEE Conference on},
	pages={588--595},
	year={2013},
	organization={IEEE}
}

@inproceedings{tian2012exploring,
	title={Exploring the spatial hierarchy of mixture models for human pose estimation},
	author={Tian, Yuandong and Zitnick, C Lawrence and Narasimhan, Srinivasa G},
	booktitle={European Conference on Computer Vision},
	pages={256--269},
	year={2012},
	organization={Springer}
}

@inproceedings{lan2005beyond,
	title={Beyond trees: Common-factor models for 2d human pose recovery},
	author={Lan, Xiangyang and Huttenlocher, Daniel P},
	booktitle={Computer Vision, 2005. ICCV 2005. Tenth IEEE International Conference on},
	volume={1},
	pages={470--477},
	year={2005},
	organization={IEEE}
}
@inproceedings{karlinsky2012using,
	title={Using linking features in learning non-parametric part models},
	author={Karlinsky, Leonid and Ullman, Shimon},
	booktitle={European Conference on Computer Vision},
	pages={326--339},
	year={2012},
	organization={Springer}
}
@inproceedings{ioffe2015batch,
	title={Batch normalization: Accelerating deep network training by reducing internal covariate shift},
	author={Ioffe, Sergey and Szegedy, Christian},
	booktitle={International conference on machine learning},
	pages={448--456},
	year={2015}
}
@article{mishkin2017systematic,
	title={Systematic evaluation of convolution neural network advances on the imagenet},
	author={Mishkin, Dmytro and Sergievskiy, Nikolay and Matas, Jiri},
	journal={Computer Vision and Image Understanding},
	volume={161},
	pages={11--19},
	year={2017},
	publisher={Elsevier}
}
@article{girshick2015fast,
	title={Fast r-cnn},
	author={Girshick, Ross},
	journal={arXiv preprint arXiv:1504.08083},
	year={2015}
}